@article{littlestone1988learning,
  title={Learning quickly when irrelevant attributes abound: A new linear-threshold algorithm},
  author={Littlestone, Nick},
  journal={Machine learning},
  year={1988},
}

@article{beimel2014bounds,
  title={Bounds on the sample complexity for private learning and private data release},
  author={Beimel, Amos and Brenner, Hai and Kasiviswanathan, Shiva Prasad and Nissim, Kobbi},
  journal={Machine learning},
  year={2014},
}

@inproceedings{beimel2013characterizing,
  title={Characterizing the sample complexity of private learners},
  author={Beimel, Amos and Nissim, Kobbi and Stemmer, Uri},
  booktitle={Conference on Innovations in Theoretical Computer Science~(ITCS)},
  year={2013}
}

@article{kasiviswanathan2011can,
  title={What can we learn privately?},
  author={Kasiviswanathan, Shiva Prasad and Lee, Homin K and Nissim, Kobbi and Raskhodnikova, Sofya and Smith, Adam},
  journal={SIAM Journal on Computing},
  year={2011}
}

@article{valiant1984theory,
  title={A theory of the learnable},
  author={Valiant, Leslie G},
  journal={Communications of the ACM},
  year={1984}
}

@article{alon2022private,
  title={Private and online learnability are equivalent},
  author={Alon, Noga and Bun, Mark and Livni, Roi and Malliaris, Maryanthe and Moran, Shay},
  journal={ACM Journal of the ACM (JACM)},
  year={2022},
}

@inproceedings{ghazi2021sample,
  title={Sample-efficient proper PAC learning with approximate differential privacy},
  author={Ghazi, Badih and Golowich, Noah and Kumar, Ravi and Manurangsi, Pasin},
  booktitle={Symposium on Theory of Computing~(STOC)},
  year={2021}
}

@article{golowich2021littlestone,
  title={Littlestone classes are privately online learnable},
  author={Golowich, Noah and Livni, Roi},
  journal={Conference on Neural Information Processing Systems~(NeurIPS)},
  year={2021}
}


@InProceedings{dpopsanyal22a,
  title = 	 {Open Problem: Do you pay for Privacy in Online learning?},
  author =       {Sanyal, Amartya and Ramponi, Giorgia},
  booktitle = 	 {Conference on Learning Theory~(COLT)},
  year = 	 {2022},
  }

@inproceedings{feldman2014sample,
  title={Sample complexity bounds on differentially private learning via communication complexity},
  author={Feldman, Vitaly and Xiao, David},
  booktitle={Conference on Learning Theory~(COLT)},
  year={2014}
}

@inproceedings{bassily2014private,
  title={Private empirical risk minimization: Efficient algorithms and tight error bounds},
  author={Bassily, Raef and Smith, Adam and Thakurta, Abhradeep},
  booktitle={Symposium on foundations of computer science~(FOCS)},
  year={2014},
}
@article{chaudhuri2011differentially,
  title={Differentially private empirical risk minimization.},
  author={Chaudhuri, Kamalika and Monteleoni, Claire and Sarwate, Anand D},
  journal={Journal of Machine Learning Research~(JMLR)},
  year={2011}
}

@inproceedings{dwork2006calibrating,
  title={Calibrating noise to sensitivity in private data analysis},
  author={Dwork, Cynthia and McSherry, Frank and Nissim, Kobbi and Smith, Adam},
  booktitle={Theory of Cryptography~(TCC)},
  year={2006}
}

@inproceedings{alon2019private,
  title={Private PAC learning implies finite Littlestone dimension},
  author={Alon, Noga and Livni, Roi and Malliaris, Maryanthe and Moran, Shay},
  booktitle={Symposium on Theory of Computing~(STOC)},
  year={2019}
}

@inproceedings{ben2009agnostic,
  title={Agnostic Online Learning.},
  author={Ben-David, Shai and P{\'a}l, D{\'a}vid and Shalev-Shwartz, Shai},
  booktitle={Conference On Learning Theory~(COLT)},
  year={2009}
}

@inproceedings{dwork2018privacy,
  title={Privacy-preserving prediction},
  author={Dwork, Cynthia and Feldman, Vitaly},
  booktitle={Conference On Learning Theory~(COLT)},
  year={2018},
}

@article{kearns2015robust,
  title={Robust mediators in large games},
  author={Kearns, Michael and Pai, Mallesh M and Rogers, Ryan and Roth, Aaron and Ullman, Jonathan},
  journal={arXiv:1512.02698},
  year={2015}
}

@inproceedings{kaplan2023black,
  title={Black-Box Differential Privacy for Interactive ML},
  author={Kaplan, Haim and Mansour, Yishay and Moran, Shay and Nissim, Kobbi and Stemmer, Uri},
  booktitle={Conference on Neural Information Processing Systems~(NeurIPS)},
  year={2023}
}

@inproceedings{naor2023private,
  title={Private Everlasting Prediction},
  author={Naor, Moni and Nissim, Kobbi and Stemmer, Uri and Yan, Chao},
  booktitle={Conference on Neural Information Processing Systems~(NeurIPS)},
  year={2023}
}

@book{cesa2006prediction,
  title={Prediction, learning, and games},
  author={Cesa-Bianchi, Nicolo and Lugosi, G{\'a}bor},
  year={2006},
  publisher={Cambridge university press}
}

@inproceedings{dwork2010differential,
  title={Differential privacy under continual observation},
  author={Dwork, Cynthia and Naor, Moni and Pitassi, Toniann and Rothblum, Guy N},
  booktitle={Symposium on Theory of computing~(STOC)},
  year={2010}
}

@article{chan2011private,
  title={Private and continual release of statistics},
  author={Chan, T-H Hubert and Shi, Elaine and Song, Dawn},
  journal={Transactions on Information and System Security (TISSEC)},
  year={2011},
}
@article{blumer1989learnability,
  title={Learnability and the Vapnik-Chervonenkis dimension},
  author={Blumer, Anselm and Ehrenfeucht, Andrzej and Haussler, David and Warmuth, Manfred K},
  journal={Journal of the ACM (JACM)},
  year={1989},
}


@inproceedings{beimel2013private,
  title={Private learning and sanitization: Pure vs. approximate differential privacy},
  author={Beimel, Amos and Nissim, Kobbi and Stemmer, Uri},
  booktitle={International Workshop on Approximation Algorithms for Combinatorial Optimization},
  year={2013},
}

@article{diakonikolas2019distribution,
  title={Distribution-independent pac learning of halfspaces with massart noise},
  author={Diakonikolas, Ilias and Gouleakis, Themis and Tzamos, Christos},
  journal={Conference on Neural Information Processing Systems~(NeurIPS)},
  year={2019}
}

@inproceedings{jain2023price,
  title={The price of differential privacy under continual observation},
  author={Jain, Palak and Raskhodnikova, Sofya and Sivakumar, Satchit and Smith, Adam},
  booktitle={International Conference on Machine Learning~(ICML)},
  year={2023},
}

@inproceedings{hanneke2021online,
  title={Online learning with simple predictors and a combinatorial characterization of minimax in 0/1 games},
  author={Hanneke, Steve and Livni, Roi and Moran, Shay},
  booktitle={Conference on Learning Theory~(COLT)},
  year={2021},
}

@inproceedings{dwork2010boosting,
  title={Boosting and differential privacy},
  author={Dwork, Cynthia and Rothblum, Guy N and Vadhan, Salil},
  booktitle={Symposium on Foundations of Computer Science~(FOCS)},
  year={2010}
}

@article{cohen2024lower,
  title={Lower Bounds for Differential Privacy Under Continual Observation and Online Threshold Queries},
  author={Cohen, Edith and Lyu, Xin and Nelson, Jelani and Sarl{\'o}s, Tam{\'a}s and Stemmer, Uri},
  journal={arXiv preprint arXiv:2403.00028},
  year={2024}
}


@article{dwork2014algorithmic,
  title={The algorithmic foundations of differential privacy},
  author={Dwork, Cynthia and Roth, Aaron and others},
  journal={Foundations and Trends{\textregistered} in Theoretical Computer Science},
  volume={9},
  number={3--4},
  pages={211--407},
  year={2014},
  publisher={Now Publishers, Inc.}
}

@inproceedings{optimalErrorHuberModel,
  author       = {Ilias Diakonikolas and
                  Gautam Kamath and
                  Daniel M. Kane and
                  Jerry Li and
                  Ankur Moitra and
                  Alistair Stewart},
  editor       = {Artur Czumaj},
  title        = {Robustly Learning a Gaussian: Getting Optimal Error, Efficiently},
  booktitle    = {Proceedings of the Twenty-Ninth Annual {ACM-SIAM} Symposium on Discrete
                  Algorithms, {SODA} 2018, New Orleans, LA, USA, January 7-10, 2018},
  pages        = {2683--2702},
  publisher    = {{SIAM}},
  year         = {2018},
  url          = {https://doi.org/10.1137/1.9781611975031.171},
  doi          = {10.1137/1.9781611975031.171},
  timestamp    = {Tue, 02 Feb 2021 17:07:58 +0100},
  biburl       = {https://dblp.org/rec/conf/soda/DiakonikolasKK018.bib},
  bibsource    = {dblp computer science bibliography, https://dblp.org}
}

@inproceedings{ivkov2022list,
  title={List-decodable covariance estimation},
  author={Ivkov, Misha and Kothari, Pravesh K},
  booktitle={Proceedings of the 54th Annual ACM SIGACT Symposium on Theory of Computing},
  pages={1276--1283},
  year={2022}
}

@article{lloyd1982least,
  title={Least squares quantization in PCM},
  author={Lloyd, Stuart},
  journal={IEEE transactions on information theory},
  pages={129--137},
  year={1982},
}
@article{chhabra2021,
  title={An overview of fairness in clustering},
  author={Chhabra, Anshuman and Masalkovait{\.e}, Karina and Mohapatra, Prasant},
  journal={IEEE Access},
  volume={9},
  pages={130698--130720},
  year={2021},
  publisher={IEEE}
}
@misc{fairclustering,
  title = {A Tutorial and Resources for Fair Clustering},
howpublished = {\url{http://www.fairclustering.com}},
  note = {Accessed: 2024-02-01},
author={},
year={}
}
@article{garcia2010,
  title={A review of robust clustering methods},
  author={García-Escudero, Luis Angel and Gordaliza, Alfonso and Matr{\'a}n, Carlos and Mayo-Iscar, Agustín},
  journal={Advances in Data Analysis and Classification},
  volume={4},
  pages={89--109},
  year={2010},
  publisher={Springer}
}

@article{brownlees2015empirical,
  title={Empirical risk minimization for heavy-tailed losses},
  author={Brownlees, Christian and Joly, Emilien and Lugosi, G{\'a}bor},
  year={2015}
}

@inproceedings{ester1996density,
  title={A density-based algorithm for discovering clusters in large spatial databases with noise},
  author={Ester, Martin and Kriegel, Hans-Peter and Sander, J{\"o}rg and Xu, Xiaowei and others},
  booktitle={kdd},
  pages={226--231},
  year={1996}
}

@inproceedings{bakshi2022robustly,
  title={Robustly learning mixtures of k arbitrary {G}aussians},
  author={Bakshi, Ainesh and Diakonikolas, Ilias and Jia, He and Kane, Daniel M and Kothari, Pravesh K and Vempala, Santosh S},
  booktitle={Proceedings of the 54th Annual ACM SIGACT Symposium on Theory of Computing},
  pages={1234--1247},
  year={2022}
}

@inproceedings{liu2021settling,
  title={Settling the robust learnability of mixtures of {G}aussians},
  author={Liu, Allen and Moitra, Ankur},
  booktitle={Proceedings of the 53rd Annual ACM SIGACT Symposium on Theory of Computing},
  pages={518--531},
  year={2021}
}

@inproceedings{bakshi2020outlier,
  title={Outlier-robust clustering of {G}aussians and other non-spherical mixtures},
  author={Bakshi, Ainesh and Diakonikolas, Ilias and Hopkins, Samuel B and Kane, Daniel and Karmalkar, Sushrut and Kothari, Pravesh K},
  booktitle={2020 IEEE 61st Annual Symposium on Foundations of Computer Science (FOCS)},
  pages={149--159},
  year={2020},
  organization={IEEE}
}

@inproceedings{liu2022clustering,
  title={Clustering mixtures with almost optimal separation in polynomial time},
  author={Liu, Allen and Li, Jerry},
  booktitle={Proceedings of the 54th Annual ACM SIGACT Symposium on Theory of Computing},
  pages={1248--1261},
  year={2022}
}

@Article{CLWE_2,
  author        = {Aparna Gupte and Neekon Vafa and Vinod Vaikuntanathan},
  title         = {Continuous LWE is as Hard as LWE \& Applications to Learning Gaussian Mixtures},
  year          = {2022},
  month         = apr,
  abstract      = {We show direct and conceptually simple reductions between the classical learning with errors (LWE) problem and its continuous analog, CLWE (Bruna, Regev, Song and Tang, STOC 2021). This allows us to bring to bear the powerful machinery of LWE-based cryptography to the applications of CLWE. For example, we obtain the hardness of CLWE under the classical worst-case hardness of the gap shortest vector problem. Previously, this was known only under quantum worst-case hardness of lattice problems. More broadly, with our reductions between the two problems, any future developments to LWE will also apply to CLWE and its downstream applications. As a concrete application, we show an improved hardness result for density estimation for mixtures of Gaussians. In this computational problem, given sample access to a mixture of Gaussians, the goal is to output a function that estimates the density function of the mixture. Under the (plausible and widely believed) exponential hardness of the classical LWE problem, we show that Gaussian mixture density estimation in $\mathbb{R}^n$ with roughly $\log n$ Gaussian components given $\mathsf{poly}(n)$ samples requires time quasi-polynomial in $n$. Under the (conservative) polynomial hardness of LWE, we show hardness of density estimation for $n^{\epsilon}$ Gaussians for any constant $\epsilon > 0$, which improves on Bruna, Regev, Song and Tang (STOC 2021), who show hardness for at least $\sqrt{n}$ Gaussians under polynomial (quantum) hardness assumptions. Our key technical tool is a reduction from classical LWE to LWE with $k$-sparse secrets where the multiplicative increase in the noise is only $O(\sqrt{k})$, independent of the ambient dimension $n$.},
  archiveprefix = {arXiv},
  eprint        = {2204.02550},
  file          = {:- Continuous LWE Is As Hard As LWE \& Applications to Learning Gaussian Mixtures.pdf:PDF},
  keywords      = {cs.CR, cs.LG},
  primaryclass  = {cs.CR},
}

@InProceedings{CLWE,
  author    = {Joan Bruna and Oded Regev and Min Jae Song and Yi Tang},
  booktitle = {{STOC} '21: 53rd Annual {ACM} {SIGACT} Symposium on Theory of Computing, Virtual Event, Italy, June 21-25, 2021},
  title     = {Continuous {LWE}},
  year      = {2021},
  editor    = {Samir Khuller and Virginia Vassilevska Williams},
  pages     = {694--707},
  publisher = {{ACM}},
  bibsource = {dblp computer science bibliography, https://dblp.org},
  biburl    = {https://dblp.org/rec/conf/stoc/Bruna0ST21.bib},
  doi       = {10.1145/3406325.3451000},
}

@inproceedings{DKS17,
  title={Statistical query lower bounds for robust estimation of high-dimensional gaussians and gaussian mixtures},
  author={Diakonikolas, Ilias and Kane, Daniel M and Stewart, Alistair},
  booktitle={2017 IEEE 58th Annual Symposium on Foundations of Computer Science (FOCS)},
  pages={73--84},
  year={2017},
  organization={IEEE}
}

@inproceedings{kothari2018robust,
  title={Robust moment estimation and improved clustering via sum of squares},
  author={Kothari, Pravesh K and Steinhardt, Jacob and Steurer, David},
  booktitle={Proceedings of the 50th Annual ACM SIGACT Symposium on Theory of Computing},
  pages={1035--1046},
  year={2018}
}

@inproceedings{hopkins2018mixture,
  title={Mixture models, robustness, and sum of squares proofs},
  author={Hopkins, Samuel B and Li, Jerry},
  booktitle={Proceedings of the 50th Annual ACM SIGACT Symposium on Theory of Computing},
  pages={1021--1034},
  year={2018}
}

@inproceedings{diakonikolas2017being,
  title={Being robust (in high dimensions) can be practical},
  author={Diakonikolas, Ilias and Kamath, Gautam and Kane, Daniel M and Li, Jerry and Moitra, Ankur and Stewart, Alistair},
  booktitle={International Conference on Machine Learning},
  pages={999--1008},
  year={2017},
  organization={PMLR}
}

@inproceedings{lai2016agnostic,
  title={Agnostic estimation of mean and covariance},
  author={Lai, Kevin A and Rao, Anup B and Vempala, Santosh},
  booktitle={2016 IEEE 57th Annual Symposium on Foundations of Computer Science (FOCS)},
  pages={665--674},
  year={2016},
  organization={IEEE}
}

Robust estimators in high-dimensions without the computational intractability
@book{diakonikolas2023algorithmic,
  title={Algorithmic high-dimensional robust statistics},
  author={Diakonikolas, Ilias and Kane, Daniel M},
  year={2023},
  publisher={Cambridge University Press}
}

@inproceedings{diakonikolas2018list,
  title={List-decodable robust mean estimation and learning mixtures of spherical gaussians},
  author={Diakonikolas, Ilias and Kane, Daniel M and Stewart, Alistair},
  booktitle={Proceedings of the 50th Annual ACM SIGACT Symposium on Theory of Computing},
  pages={1047--1060},
  year={2018}
}

@inproceedings{charikar2017learning,
  title={Learning from untrusted data},
  author={Charikar, Moses and Steinhardt, Jacob and Valiant, Gregory},
  booktitle={Proceedings of the 49th Annual ACM SIGACT Symposium on Theory of Computing},
  pages={47--60},
  year={2017}
}

@inproceedings{balcan2008discriminative,
  title={A discriminative framework for clustering via similarity functions},
  author={Balcan, Maria-Florina and Blum, Avrim and Vempala, Santosh},
  booktitle={Proceedings of the fortieth annual ACM symposium on Theory of computing},
  pages={671--680},
  year={2008}
}

@inproceedings{meister2018data,
  title={A data prism: Semi-verified learning in the small-alpha regime},
  author={Meister, Michela and Valiant, Gregory},
  booktitle={Conference On Learning Theory},
  pages={1530--1546},
  year={2018},
  organization={PMLR}
}

@article{diakonikolas2020list,
  title={List-decodable mean estimation via iterative multi-filtering},
  author={Diakonikolas, Ilias and Kane, Daniel and Kongsgaard, Daniel},
  journal={Advances in Neural Information Processing Systems},
  volume={33},
  pages={9312--9323},
  year={2020}
}

@article{diakonikolas2021list,
  title={List-decodable mean estimation in nearly-{PCA} time},
  author={Diakonikolas, Ilias and Kane, Daniel and Kongsgaard, Daniel and Li, Jerry and Tian, Kevin},
  journal={Advances in Neural Information Processing Systems},
  volume={34},
  pages={10195--10208},
  year={2021}
}

@inproceedings{cherapanamjeri2020list,
  title={List decodable mean estimation in nearly linear time},
  author={Cherapanamjeri, Yeshwanth and Mohanty, Sidhanth and Yau, Morris},
  booktitle={2020 IEEE 61st Annual Symposium on Foundations of Computer Science (FOCS)},
  pages={141--148},
  year={2020},
  organization={IEEE}
}

@inproceedings{diakonikolas2022clustering,
  title={Clustering mixture models in almost-linear time via list-decodable mean estimation},
  author={Diakonikolas, Ilias and Kane, Daniel M and Kongsgaard, Daniel and Li, Jerry and Tian, Kevin},
  booktitle={Proceedings of the 54th Annual ACM SIGACT Symposium on Theory of Computing},
  pages={1262--1275},
  year={2022}
}

@article{zeng2022list,
  title={List-decodable sparse mean estimation},
  author={Zeng, Shiwei and Shen, Jie},
  journal={Advances in Neural Information Processing Systems},
  volume={35},
  pages={24031--24045},
  year={2022}
}

@article{diakonikolas2022list,
  title={List-decodable sparse mean estimation via difference-of-pairs filtering},
  author={Diakonikolas, Ilias and Kane, Daniel and Karmalkar, Sushrut and Pensia, Ankit and Pittas, Thanasis},
  journal={Advances in Neural Information Processing Systems},
  volume={35},
  pages={13947--13960},
  year={2022}
}

@article{kothari2017better,
  title={Better agnostic clustering via relaxed tensor norms},
  author={Kothari, Pravesh K and Steinhardt, Jacob},
  journal={arXiv preprint arXiv:1711.07465},
  year={2017}
}

@inproceedings{raghavendra2020alist,
  title={List decodable learning via sum of squares},
  author={Raghavendra, Prasad and Yau, Morris},
  booktitle={Proceedings of the Fourteenth Annual ACM-SIAM Symposium on Discrete Algorithms},
  pages={161--180},
  year={2020},
  organization={SIAM}
}

@article{karmalkar2019list,
  title={List-decodable linear regression},
  author={Karmalkar, Sushrut and Klivans, Adam and Kothari, Pravesh},
  journal={Advances in neural information processing systems},
  volume={32},
  year={2019}
}

@article{diakonikolas2021statistical,
  title={Statistical query lower bounds for list-decodable linear regression},
  author={Diakonikolas, Ilias and Kane, Daniel and Pensia, Ankit and Pittas, Thanasis and Stewart, Alistair},
  journal={Advances in Neural Information Processing Systems},
  volume={34},
  pages={3191--3204},
  year={2021}
}

@inproceedings{bakshi2021list,
  title={List-decodable subspace recovery: Dimension independent error in polynomial time},
  author={Bakshi, Ainesh and Kothari, Pravesh K},
  booktitle={Proceedings of the 2021 ACM-SIAM Symposium on Discrete Algorithms (SODA)},
  pages={1279--1297},
  year={2021},
  organization={SIAM}
}

@inproceedings{raghavendra2020blist,
  title={List decodable subspace recovery},
  author={Raghavendra, Prasad and Yau, Morris},
  booktitle={Conference on Learning Theory},
  pages={3206--3226},
  year={2020},
  organization={PMLR}
}

@article{kearns1998efficient,
  title={Efficient noise-tolerant learning from statistical queries},
  author={Kearns, Michael},
  journal={Journal of the ACM (JACM)},
  volume={45},
  number={6},
  pages={983--1006},
  year={1998},
  publisher={ACM New York, NY, USA}
}

@inproceedings{regev2017learning,
  title={On learning mixtures of well-separated {G}aussians},
  author={Regev, Oded and Vijayaraghavan, Aravindan},
  booktitle={2017 IEEE 58th Annual Symposium on Foundations of Computer Science (FOCS)},
  pages={85--96},
  year={2017},
  organization={IEEE}
}

@article{diakonikolas2019robust,
  title={Robust estimators in high-dimensions without the computational intractability},
  author={Diakonikolas, Ilias and Kamath, Gautam and Kane, Daniel and Li, Jerry and Moitra, Ankur and Stewart, Alistair},
  journal={SIAM Journal on Computing},
  volume={48},
  number={2},
  pages={742--864},
  year={2019},
  publisher={SIAM}
}

@article{kothari2017outlier,
  title={Outlier-robust moment-estimation via sum-of-squares},
  author={Kothari, Pravesh K and Steurer, David},
  journal={arXiv preprint arXiv:1711.11581},
  year={2017}
}

@inproceedings{kwon2020algorithm,
  title={The EM algorithm gives sample-optimality for learning mixtures of well-separated gaussians},
  author={Kwon, Jeongyeol and Caramanis, Constantine},
  booktitle={Conference on Learning Theory},
  pages={2425--2487},
  year={2020},
  organization={PMLR}
}

@article{diakonikolas2018algorithmic,
  title={Algorithmic high-dimensional robust statistics},
  author={Diakonikolas, Ilias and Kane, Daniel M},
  journal={Webpage http://www. iliasdiakonikolas. org/simons-tutorial-robust. html},
  year={2018}
}

@techreport{elias1957list,
  title={List decoding for noisy channels},
  author={Elias, Peter},
  year={1957},
  institution={Research Laboratory of Electronics, Massachusetts Institute of Technology}
}

@inproceedings{diakonikolas2017statistical,
  title={Statistical query lower bounds for robust estimation of high-dimensional gaussians and gaussian mixtures},
  author={Diakonikolas, Ilias and Kane, Daniel M and Stewart, Alistair},
  booktitle={2017 IEEE 58th Annual Symposium on Foundations of Computer Science (FOCS)},
  pages={73--84},
  year={2017},
  organization={IEEE}
}

@article{feigelson2012statistical,
  title={Statistical methods for Astronomy},
  author={Feigelson, Eric D and Babu, G Jogesh},
  journal={arXiv preprint arXiv:1205.2064},
  year={2012}
}

@article{bickel2003robust,
  title={Robust cluster analysis of microarray gene expression data with the number of clusters determined biologically},
  author={Bickel, David R},
  journal={Bioinformatics},
  volume={19},
  number={7},
  pages={818--824},
  year={2003},
  publisher={Oxford University Press}
}

@inproceedings{hardt2015tight,
  title={Tight bounds for learning a mixture of two gaussians},
  author={Hardt, Moritz and Price, Eric},
  booktitle={Proceedings of the forty-seventh annual ACM symposium on Theory of computing},
  pages={753--760},
  year={2015}
}

@inproceedings{moitra2010settling,
  title={Settling the polynomial learnability of mixtures of gaussians},
  author={Moitra, Ankur and Valiant, Gregory},
  booktitle={2010 IEEE 51st Annual Symposium on Foundations of Computer Science},
  pages={93--102},
  year={2010},
  organization={IEEE}
}

@article{diakonikolas2024near,
  title={Near-Optimal Algorithms for Gaussians with Huber Contamination: Mean Estimation and Linear Regression},
  author={Diakonikolas, Ilias and Kane, Daniel and Pensia, Ankit and Pittas, Thanasis},
  journal={Advances in Neural Information Processing Systems},
  volume={36},
  year={2024}
}

% GREEDY PAPER

@article{mezard2007statistical,
  title = {Statistical mechanics of the hitting set problem},
  author = {M\'ezard, Marc and Tarzia, Marco},
  journal = {Phys. Rev. E},
  year = {2007},
  publisher = {American Physical Society}
}

@article{vershynin2011approximating,
  title={Approximating the moments of marginals of high-dimensional distributions},
  author={Vershynin, Roman},
  journal={The Annals of Probability},
  volume={39},
  number={4},
  pages={1591--1606},
  year={2011},
  publisher={Institute of Mathematical Statistics}
}

@article{LOVASZ1975383,
	abstract = {It is shown that the ratio of optimal integral and fractional covers of a hypergraph does not exceed 1 + log d, where d is the maximum degree. This theorem may replace probabilistic methods in certain circumstances. Several applications are shown.},
	author = {L. Lov{\'a}sz},
	doi = {https://doi.org/10.1016/0012-365X(75)90058-8},
	issn = {0012-365X},
	journal = {Discrete Mathematics},
	number = {4},
	pages = {383-390},
	title = {On the ratio of optimal integral and fractional covers},
	url = {https://www.sciencedirect.com/science/article/pii/0012365X75900588},
	volume = {13},
	year = {1975},
	Bdsk-Url-1 = {https://www.sciencedirect.com/science/article/pii/0012365X75900588},
	Bdsk-Url-2 = {https://doi.org/10.1016/0012-365X(75)90058-8}}


@article{slavik1997tight,
  title={A tight analysis of the greedy algorithm for set cover},
  author={Slav{\i}k, Petr},
  journal={Journal of Algorithms},
  volume={25},
  number={2},
  pages={237--254},
  year={1997},
  publisher={Elsevier}
}

@article{telelis2005absolute,
  title={Absolute $\text{O}(\log m)$ error in approximating random set covering: an average case analysis},
  author={Telelis, Orestis A and Zissimopoulos, Vassilis},
  journal={Information Processing Letters},
  year={2005}
}

@inproceedings{borst2022integrality,
  author       = {Sander Borst and
                  Daniel Dadush and
                  Dan Mikulincer},
  title        = {Integrality Gaps for Random Integer Programs via Discrepancy},
  booktitle    = {Proceedings of the 2023 {ACM-SIAM} Symposium on Discrete Algorithms, {SODA}},
  year = {2023}
}

@article{lovasz1975ratio,
  title={On the ratio of optimal integral and fractional covers},
  author={Lov{\'a}sz, L{\'a}szl{\'o}},
  journal={Discrete mathematics},
  year={1975},
  publisher={Elsevier}
}

@article{borst2022gaussian,
  title={On the integrality gap of binary integer programs with gaussian data},
  author={Borst, Sander and Dadush, Daniel and Huiberts, Sophie and Tiwari, Samarth},
  journal={Mathematical Programming},
  year={2022},
}

@article{ba2022high,
  title={High-dimensional Asymptotics of Feature Learning: How One Gradient Step Improves the Representation},
  author={Ba, Jimmy and Erdogdu, Murat A and Suzuki, Taiji and Wang, Zhichao and Wu, Denny and Yang, Greg},
  journal={arXiv preprint arXiv:2205.01445},
  year={2022}
}

@article{hoorfar2008inequalities,
  title={Inequalities on the Lambert W function and hyperpower function},
  author={Hoorfar, Abdolhossein and Hassani, Mehdi},
  journal={J. Inequal. Pure and Appl. Math},
  year={2008}
}


@book{bunke_feller_1969,
	title={An introduction to probability theory and its applications},
  author={Feller, William and Morse, Philip M},
  year={1958},
  publisher={American Institute of Physics}
}

@article{dinur2005hardness,
  title={On the hardness of approximating minimum vertex cover},
  author={Dinur, Irit and Safra, Samuel},
  journal={Annals of mathematics},
  pages={439--485},
  year={2005},
  publisher={JSTOR}
}

@article{dyer1992probabilistic,
  title={Probabilistic analysis of the generalised assignment problem},
  author={Dyer, Martin and Frieze, Alan},
  journal={Mathematical Programming},
  volume={55},
  number={1},
  pages={169--181},
  year={1992},
  publisher={Springer}
}

@article{bringmann2015hitting,
  title={Hitting set for hypergraphs of low VC-dimension},
  author={Bringmann, Karl and Kozma, L{\'a}szl{\'o} and Moran, Shay and Narayanaswamy, NS},
  journal={arXiv preprint arXiv:1512.00481},
  year={2015}
}

@article{el2014randomised,
  title={A randomised approximation algorithm for the hitting set problem},
  author={El Ouali, Mourad and Fohlin, Helena and Srivastav, Anand},
  journal={Theoretical Computer Science},
  volume={555},
  pages={23--34},
  year={2014},
  publisher={Elsevier}
}

@article{amburg2021planted,
  title={Planted hitting set recovery in hypergraphs},
  author={Amburg, Ilya and Kleinberg, Jon and Benson, Austin R},
  journal={Journal of Physics: Complexity},
  volume={2},
  number={3},
  pages={035004},
  year={2021},
  publisher={IOP Publishing}
}

@book{du2000combinatorial,
  title={Combinatorial group testing and its applications},
  author={Du, Dingzhu and Hwang, Frank K and Hwang, Frank},
  year={2000},
  publisher={World Scientific}
}

@article{fernandez2013unbounded,
  title={Unbounded contention resolution in multiple-access channels},
  author={Fern{\'a}ndez Anta, Antonio and Mosteiro, Miguel A and Ram{\'o}n Mu{\~n}oz, Jorge},
  journal={Algorithmica},
  year={2013},
  publisher={Springer}
}

@article{erlich2015biological,
  title={Biological screens from linear codes: theory and tools},
  author={Erlich, Yaniv and Gilbert, Anna and Ngo, Hung and Rudra, Atri and Thierry-Mieg, Nicolas and Wootters, Mary and Zielinski, Dina and Zuk, Or},
  journal={BioRxiv},
  year={2015},
  publisher={Cold Spring Harbor Laboratory}
}

@inproceedings{iliopoulos2021group,
  title={Group testing and local search: is there a computational-statistical gap?},
  author={Iliopoulos, Fotis and Zadik, Ilias},
  booktitle={Conference on Learning Theory},
  year={2021},
}

@article{ahle2017asymptotic,
  title={Asymptotic Tail Bound and Applications},
  author={Ahle, Thomas D},
  year={2017}
}

@misc{van2014probability,
  title={Probability in high dimension},
  author={Van Handel, Ramon},
  howpublished = {Lecture notes},
  year={2014}
}


@article{paschos1997survey,
  title={A survey of approximately optimal solutions to some covering and packing problems},
  author={Paschos, Vangelis T},
  journal={ACM Computing Surveys (CSUR)},
  year={1997}
}


@inproceedings{slavik1996tight,
  title={A tight analysis of the greedy algorithm for set cover},
  author={Slavík, Petr},
  booktitle={Proceedings of the twenty-eighth annual ACM symposium on Theory of computing},
  year={1996}
}

@inproceedings{johnson1973approximation,
  title={Approximation algorithms for combinatorial problems},
  author={Johnson, David S},
  booktitle={Proceedings of the fifth annual ACM symposium on Theory of computing},
  year={1973}
}

@article{feige1998threshold,
  title={A threshold of ln n for approximating set cover},
  author={Feige, Uriel},
  journal={Journal of the ACM (JACM)},
  volume={45},
  number={4},
  pages={634--652},
  year={1998},
  publisher={ACM New York, NY, USA}
}


%% LOVASZ

@article{foucartsimple,
  title={A simple proof of Kashin’s decomposition theorem},
  author={Foucart, Simon},
  publisher={Citeseer}
}

@inproceedings{haviv2017restricted,
  title={The restricted isometry property of subsampled Fourier matrices},
  author={Haviv, Ishay and Regev, Oded},
  booktitle={Geometric Aspects of Functional Analysis: Israel Seminar (GAFA) 2014--2016},
  pages={163--179},
  year={2017},
  organization={Springer}
}

@article{rudelson2013hanson,
  title={Hanson-wright inequality and sub-gaussian concentration},
  author={Rudelson, Mark and Vershynin, Roman},
  year={2013}
}
@article{kleinberg1998lovasz,
  title={The Lov{\'a}sz theta function and a semidefinite programming relaxation of vertex cover},
  author={Kleinberg, Jon and Goemans, Michel X},
  journal={SIAM Journal on Discrete Mathematics},
  volume={11},
  number={2},
  pages={196--204},
  year={1998},
  publisher={SIAM}
}
@inproceedings{matula1972employee,
  title={Employee party problem},
  author={Matula, David W},
  booktitle={Notices of the American Mathematical Society},
  volume={19},
  number={2},
  pages={A382--A382},
  year={1972},
  organization={AMER MATHEMATICAL SOC 201 CHARLES ST, PROVIDENCE, RI 02940-2213}
}
@article{aroranote,
  title={A note on the Lov{\'a}sz theta number of random graphs},
  author={Arora, Sanjeev and Bhaskara, Aditya}
}
@article{van2014probability,
  title={Probability in high dimension},
  author={Van Handel, Ramon},
  journal={Lecture Notes (Princeton University)},
  volume={2},
  number={3},
  pages={2--3},
  year={2014}
}



@article{juhasz1982asymptotic,
  title={The asymptotic behaviour of Lov{\'a}sz'theta function for random graphs},
  author={Juh{\'a}sz, Ferenc},
  journal={Combinatorica},
  volume={2},
  number={2},
  pages={153--155},
  year={1982},
  publisher={Springer}
}

@article{lovasz1979shannon,
  title={On the Shannon capacity of a graph},
  author={Lov{\'a}sz, L{\'a}szl{\'o}},
  journal={IEEE Transactions on Information theory},
  volume={25},
  number={1},
  pages={1--7},
  year={1979},
  publisher={IEEE}
}
@article{dukanovic2007semidefinite,
  title={Semidefinite programming relaxations for graph coloring and maximal clique problems},
  author={Dukanovic, Igor and Rendl, Franz},
  journal={Mathematical Programming},
  volume={109},
  number={2},
  pages={345--365},
  year={2007},
  publisher={Springer}
}
@mastersthesis{faure2024lovasz,
  title={On the Lovasz $\vartheta$ number for random circulant graphs},
  author={Faure, Ulysse},
  year={2024},
  school={ETH Zurich}
}
@article{bandeira2017conditional,
  title={A conditional construction of restricted isometries},
  author={Bandeira, Afonso S and Mixon, Dustin G and Moreira, Joel},
  journal={International Mathematics Research Notices},
  volume={2017},
  number={2},
  pages={372--381},
  year={2017},
  publisher={Oxford University Press}
}
@inproceedings{oumazouz2021new,
  title={A new symmetric key cryptographic algorithm using Paley graphs and ASCII values},
  author={Oumazouz, Zhour and Karim, Driss},
  booktitle={E3S Web of Conferences},
  volume={297},
  pages={01046},
  year={2021},
  organization={EDP Sciences}
}

@article{baker1996maximal,
  title={Maximal cliques in the Paley graph of square order},
  author={Baker, RD and Ebert, GL and Hemmeter, J and Woldar, A},
  journal={Journal of statistical planning and inference},
  volume={56},
  number={1},
  pages={33--38},
  year={1996},
  publisher={Elsevier}
}
@article{cohen1988clique,
  title={Clique numbers of Paley graphs},
  author={Cohen, Stephen D},
  journal={Quaestiones Mathematicae},
  volume={11},
  number={2},
  pages={225--231},
  year={1988},
  publisher={Taylor \& Francis}
}

@article{kunisky2024spectral,
  title={Spectral pseudorandomness and the road to improved clique number bounds for Paley graphs},
  author={Kunisky, Dmitriy},
  journal={Experimental Mathematics},
  pages={1--28},
  year={2024},
  publisher={Taylor \& Francis}
}


@inproceedings{magsino2019linear,
  title={Linear programming bounds for cliques in Paley graphs},
  author={Magsino, Mark and Mixon, Dustin G and Parshall, Hans},
  booktitle={Wavelets and Sparsity XVIII},
  volume={11138},
  pages={440--447},
  year={2019},
  organization={SPIE}
}

@article{banks2017lov,
  title={The Lov$\backslash$'asz Theta Function for Random Regular Graphs and Community Detection in the Hard Regime},
  author={Banks, Jess and Kleinberg, Robert and Moore, Cristopher},
  journal={arXiv preprint arXiv:1705.01194},
  year={2017}
}

@inproceedings{kobzar2023revisiting,
  title={Revisiting block-diagonal sdp relaxations for the clique number of the paley graphs},
  author={Kobzar, Vladimir A and Mody, Krishnan},
  booktitle={2023 International Conference on Sampling Theory and Applications (SampTA)},
  pages={1--5},
  year={2023},
  organization={IEEE}
}

@article{wanglower,
  title={Lower Bounds on Block-Diagonal SDP Relaxations for the Clique Number of the Paley Graphs and Their Localizations},
  author={Wang, Yifan and Shen, Yanling and Kobzar, Vladimir A}
}

@article{candes2006near,
  title={Near-optimal signal recovery from random projections: Universal encoding strategies?},
  author={Candes, Emmanuel J and Tao, Terence},
  journal={IEEE transactions on information theory},
  volume={52},
  number={12},
  pages={5406--5425},
  year={2006},
  publisher={IEEE}
}

@article{rudelson2008sparse,
  title={On sparse reconstruction from Fourier and Gaussian measurements},
  author={Rudelson, Mark and Vershynin, Roman},
  journal={Communications on Pure and Applied Mathematics: A Journal Issued by the Courant Institute of Mathematical Sciences},
  volume={61},
  number={8},
  pages={1025--1045},
  year={2008},
  publisher={Wiley Online Library}
}

@article{rauhut2010compressive,
  title={Compressive sensing and structured random matrices},
  author={Rauhut, Holger},
  journal={Theoretical foundations and numerical methods for sparse recovery},
  volume={9},
  number={1},
  pages={92},
  year={2010}
}

@article{bandeira2018discrete,
  title={Discrete uncertainty principles and sparse signal processing},
  author={Bandeira, Afonso S and Lewis, Megan E and Mixon, Dustin G},
  journal={Journal of Fourier Analysis and Applications},
  volume={24},
  pages={935--956},
  year={2018},
  publisher={Springer}
}

@inproceedings{blasiok2019improved,
  title={An improved lower bound for sparse reconstruction from subsampled hadamard matrices},
  author={Blasiok, Jaroslaw and Lopatto, Patrick and Luh, Kyle and Marcinek, Jake and Rao, Shravas},
  booktitle={2019 IEEE 60th Annual Symposium on Foundations of Computer Science (FOCS)},
  pages={1564--1567},
  year={2019},
  organization={IEEE}
}
@article{demanet2014scaling,
  title={Scaling law for recovering the sparsest element in a subspace},
  author={Demanet, Laurent and Hand, Paul},
  journal={Information and Inference: A Journal of the IMA},
  volume={3},
  number={4},
  pages={295--309},
  year={2014},
  publisher={OUP}
}

@article{coja2005lovasz,
  title={The Lov{\'a}sz number of random graphs},
  author={Coja-Oghlan, Amin},
  journal={Combinatorics, Probability and Computing},
  volume={14},
  number={4},
  pages={439--465},
  year={2005},
  publisher={Cambridge University Press}
}


@article{hanson2021refined,
  title={Refined estimates concerning sumsets contained in the roots of unity},
  author={Hanson, Brandon and Petridis, Giorgis},
  journal={Proceedings of the London Mathematical Society},
  volume={122},
  number={3},
  pages={353--358},
  year={2021},
  publisher={Wiley Online Library}
}

@article{green2017chromatic,
  title={On the chromatic number of random cayley graphs},
  author={Green, Ben},
  journal={Combinatorics, Probability and Computing},
  volume={26},
  number={2},
  pages={248--266},
  year={2017},
  publisher={Cambridge University Press}
}

@article{green2016counting,
  title={Counting sets with small sumset and applications},
  author={Green, Ben and Morris, Robert},
  journal={Combinatorica},
  volume={36},
  pages={129--159},
  year={2016},
  publisher={Springer}
}

@article{conlon2024clique,
  title={On the clique number of random Cayley graphs and related topics},
  author={Conlon, David and Fox, Jacob and Pham, Huy Tuan and Yepremyan, Liana},
  journal={arXiv preprint arXiv:2412.21194},
  year={2024}
}

@book{bazaraa2011linear,
  title={Linear programming and network flows},
  author={Bazaraa, Mokhtar S and Jarvis, John J and Sherali, Hanif D},
  year={2011},
  publisher={John Wiley \& Sons}
}

@article{hoeffding1994probability,
  title={Probability inequalities for sums of bounded random variables},
  author={Hoeffding, Wassily},
  journal={The collected works of Wassily Hoeffding},
  pages={409--426},
  year={1994},
  publisher={Springer}
}

@article{green2005counting,
  title={Counting sets with small sumset, and the clique number of random Cayley graphs},
  author={Green*, Ben},
  journal={Combinatorica},
  volume={25},
  pages={307--326},
  year={2005},
  publisher={Springer}
}

@article{cahill2021robust,
  title={Robust width: A characterization of uniformly stable and robust compressed sensing},
  author={Cahill, Jameson and Mixon, Dustin G},
  journal={Excursions in Harmonic Analysis, Volume 6: In Honor of John Benedetto’s 80th Birthday},
  pages={343--371},
  year={2021},
  publisher={Springer}
}